<record><leader>00000cas a22000007a 4500</leader><controlfield tag="001">220975092</controlfield><controlfield tag="008">080407c20089999nyuwr n       0   a0eng c</controlfield><datafield ind1=" " ind2=" " tag="010"><subfield code="a">  2008215288</subfield></datafield><datafield ind1=" " ind2=" " tag="040"><subfield code="a">NSD</subfield><subfield code="b">eng</subfield><subfield code="c">NSD</subfield><subfield code="d">NSD</subfield><subfield code="d">OCLCQ</subfield></datafield><datafield ind1=" " ind2=" " tag="012"><subfield code="l">1</subfield></datafield><datafield ind1="0" ind2=" " tag="022"><subfield code="a">1941-9333</subfield><subfield code="l">1941-9341</subfield><subfield code="2">1</subfield></datafield><datafield ind1=" " ind2=" " tag="037"><subfield code="b">The South Asian Times, LLC., 76 N. Broadway Suite 2003, Hicksville, NY 11801</subfield></datafield><datafield ind1=" " ind2=" " tag="042"><subfield code="a">msc</subfield><subfield code="a">nsdp</subfield></datafield><datafield ind1="1" ind2="0" tag="050"><subfield code="a">ISSN RECORD</subfield></datafield><datafield ind1="1" ind2="0" tag="082"><subfield code="a">951</subfield><subfield code="2">14</subfield></datafield><datafield ind1=" " ind2="4" tag="222"><subfield code="a">The South Asian times</subfield></datafield><datafield ind1="0" ind2="4" tag="245"><subfield code="a">The South Asian times.</subfield></datafield><datafield ind1=" " ind2=" " tag="260"><subfield code="a">Hicksville, NY :</subfield><subfield code="b">South Asian Times, LLC.</subfield></datafield><datafield ind1=" " ind2=" " tag="310"><subfield code="a">Weekly</subfield></datafield><datafield ind1=" " ind2=" " tag="588"><subfield code="a">Description based on: Vol. 1, no. 2 (Apr. 28/May 4 2008); title from cover.</subfield></datafield><datafield ind1="2" ind2=" " tag="710"><subfield code="a">South Asian Times (Firm)</subfield></datafield><datafield ind1="0" ind2="8" tag="776"><subfield code="i">Online version:</subfield><subfield code="t">South Asian times (Online)</subfield><subfield code="x">1941-9341</subfield><subfield code="w">(DLC)  2008215283</subfield><subfield code="w">(OCoLC)220977309</subfield></datafield><datafield ind1="4" ind2="1" tag="856"><subfield code="u">http://www.thesouthasiantimes.com/node/146</subfield></datafield></record>